<record xmlns="http://www.loc.gov/MARC21/slim" xmlns:xsi="http://www.w3.org/2001/XMLSchema-instance" xsi:schemaLocation="http://www.loc.gov/MARC21/slim http://www.loc.gov/standards/marcxml/schema/MARC21slim.xsd"><leader>     nam a22        4500</leader><controlfield tag="001">001686305</controlfield><controlfield tag="003">NNU</controlfield><controlfield tag="006">m        d        </controlfield><controlfield tag="007">cr cn |||m|||a</controlfield><controlfield tag="008">150313s1948    ua      ob    001 0 ara d</controlfield><datafield ind1=" " ind2=" " tag="040"><subfield code="a">NNU</subfield><subfield code="b">eng</subfield><subfield code="c">NNU</subfield></datafield><datafield ind1=" " ind2=" " tag="066"><subfield code="c">(3</subfield></datafield><datafield ind1=" " ind2=" " tag="090"><subfield code="a">BJ1291</subfield><subfield code="b">.S8</subfield></datafield><datafield ind1="1" ind2=" " tag="100"><subfield code="6">880-01</subfield><subfield code="a">Subk&#299;, T&#257;j al-D&#299;n &#699;Abd al-Wahh&#257;b ibn &#699;Al&#299;,</subfield><subfield code="d">ca. 1327-1370</subfield></datafield><datafield ind1="1" ind2="0" tag="245"><subfield code="6">880-02</subfield><subfield code="a">Mu&#699;&#299;d al-ni&#699;am wa-mub&#299;d al-niqam</subfield><subfield code="h">[electronic resource] /</subfield><subfield code="c">lil-Shaykh T&#257;j al-D&#299;n &#699;Abd al-Wahh&#257;b al-Subk&#299; ; &#7717;aqqaqahu wa-&#7693;aba&#7789;ahu wa-&#699;allaqa &#699;alyhi Mu&#7717;ammad &#699;Al&#299; al-Najj&#257;r, Ab&#363; Zayd Shalab&#299;, Mu&#7717;ammad Ab&#363; al-&#699;Uy&#363;n.</subfield></datafield><datafield ind1=" " ind2=" " tag="250"><subfield code="6">880-03</subfield><subfield code="a">al-&#7788;ab&#699;ah 1.</subfield></datafield><datafield ind1=" " ind2=" " tag="260"><subfield code="6">880-04</subfield><subfield code="a">[Cairo] :</subfield><subfield code="b">Yu&#7789;labu min Maktabat al-Kh&#257;nj&#299;,</subfield><subfield code="c">1948.</subfield></datafield><datafield ind1=" " ind2=" " tag="300"><subfield code="a">online resource (179 p.)</subfield></datafield><datafield ind1=" " ind2=" " tag="500"><subfield code="a">Part of the Arabic Collections Online (ACO) project, contributed by New York Univeristy Libraries.</subfield></datafield><datafield ind1=" " ind2=" " tag="504"><subfield code="a">Includes bibliographical references and index.</subfield></datafield><datafield ind1=" " ind2=" " tag="533"><subfield code="a">Electronic reproduction.</subfield><subfield code="b">New York, N.Y. :</subfield><subfield code="c">New York University,</subfield><subfield code="d">2015.</subfield><subfield code="5">NNU</subfield></datafield><datafield ind1=" " ind2="0" tag="650"><subfield code="a">Islamic ethics</subfield><subfield code="v">Early works to 1800.</subfield></datafield><datafield ind1="1" ind2=" " tag="700"><subfield code="6">880-05</subfield><subfield code="a">Najj&#257;r, Mu&#7717;ammad &#699;Al&#299;</subfield></datafield><datafield ind1="1" ind2=" " tag="700"><subfield code="6">880-06</subfield><subfield code="a">Shalab&#299;, Ab&#363; Zayd</subfield></datafield><datafield ind1="1" ind2=" " tag="700"><subfield code="6">880-07</subfield><subfield code="a">Ab&#363; al-&#699;Uy&#363;n, Mu&#7717;ammad</subfield></datafield><datafield ind1="2" ind2=" " tag="710"><subfield code="a">New York University.</subfield><subfield code="b">Libraries.</subfield></datafield><datafield ind1="0" ind2=" " tag="730"><subfield code="a">Arabic Collections Online.</subfield></datafield><datafield ind1="0" ind2="8" tag="776"><subfield code="i">Print version:</subfield><subfield code="a">Subk&#299;, T&#257;j al-D&#299;n &#699;Abd al-Wahh&#257;b ibn &#699;Al&#299;, ca. 1327-1370 880-01</subfield><subfield code="t">Mu&#699;&#299;d al-ni&#699;am wa-mub&#299;d al-niqam</subfield><subfield code="w">(NNU)001686305</subfield></datafield><datafield ind1="4" ind2="0" tag="856"><subfield code="u">http://hdl.handle.net/2333.1/kprr50xn</subfield></datafield><datafield ind1="1" ind2=" " tag="880"><subfield code="6">100-01/</subfield><subfield code="a">&#1587;&#1576;&#1603;&#1610;&#1548; &#1578;&#1575;&#1580; &#1575;&#1604;&#1583;&#1610;&#1606; &#1593;&#1576;&#1583; &#1575;&#1604;&#1608;&#1607;&#1575;&#1576; &#1576;&#1606; &#1593;&#1604;&#1610;.</subfield></datafield><datafield ind1="1" ind2="0" tag="880"><subfield code="6">245-02/</subfield><subfield code="a">&#1605;&#1593;&#1610;&#1583; &#1575;&#1604;&#1606;&#1593;&#1605; &#1608;&#1605;&#1576;&#1610;&#1583; &#1575;&#1604;&#1606;&#1602;&#1605; /</subfield><subfield code="c">&#1604;&#1604;&#1588;&#1610;&#1582; &#1578;&#1575;&#1580; &#1575;&#1604;&#1583;&#1610;&#1606; &#1593;&#1576;&#1583; &#1575;&#1604;&#1608;&#1607;&#1575;&#1576; &#1575;&#1604;&#1587;&#1576;&#1603;&#1610; &#1563; &#1581;&#1602;&#1602;&#1607; &#1608;&#1590;&#1576;&#1591;&#1607; &#1608;&#1593;&#1604;&#1602; &#1593;&#1604;&#1610;&#1607; &#1605;&#1581;&#1605;&#1583; &#1593;&#1604;&#1610; &#1575;&#1604;&#1606;&#1580;&#1575;&#1585;&#1548; &#1571;&#1576;&#1608; &#1586;&#1610;&#1583; &#1588;&#1604;&#1576;&#1610;&#1548; &#1605;&#1581;&#1605;&#1583; &#1571;&#1576;&#1608; &#1575;&#1604;&#1593;&#1610;&#1608;&#1606;.</subfield></datafield><datafield ind1=" " ind2=" " tag="880"><subfield code="6">250-03/</subfield><subfield code="a">&#1575;&#1604;&#1591;&#1576;&#1593;&#1577; 1.</subfield></datafield><datafield ind1=" " ind2=" " tag="880"><subfield code="6">260-04/</subfield><subfield code="a">[&#1575;&#1604;&#1602;&#1575;&#1607;&#1585;&#1577;] :</subfield><subfield code="b">&#1610;&#1591;&#1604;&#1576; &#1605;&#1606; &#1605;&#1603;&#1578;&#1576;&#1577; &#1575;&#1604;&#1582;&#1575;&#1606;&#1580;&#1610;&#1548;</subfield><subfield code="c">1948.</subfield></datafield><datafield ind1="1" ind2=" " tag="880"><subfield code="6">700-05/</subfield><subfield code="a">&#1606;&#1580;&#1575;&#1585;&#1548; &#1605;&#1581;&#1605;&#1583; &#1593;&#1604;&#1610;.</subfield></datafield><datafield ind1="1" ind2=" " tag="880"><subfield code="6">700-06/</subfield><subfield code="a">&#1588;&#1604;&#1576;&#1610;&#1548; &#1571;&#1576;&#1608; &#1586;&#1610;&#1583;.</subfield></datafield><datafield ind1="1" ind2=" " tag="880"><subfield code="6">700-07/</subfield><subfield code="a">&#1571;&#1576;&#1608; &#1575;&#1604;&#1593;&#1610;&#1608;&#1606;&#1548; &#1605;&#1581;&#1605;&#1583;.</subfield></datafield><datafield ind1=" " ind2=" " tag="959"><subfield code="a">NNU</subfield><subfield code="b">WEB</subfield><subfield code="c">GENI</subfield><subfield code="t">0</subfield><subfield code="m">Electronic access</subfield><subfield code="s">01</subfield></datafield><datafield ind1=" " ind2=" " tag="999"><subfield code="i">NNU_001686305</subfield><subfield code="s">nyu_aco000444</subfield></datafield></record>